% ########   article   ########
@article{bertsch_angular_2019,
	title = {Angular momentum of fission fragments},
	volume = {99},
	issn = {2469-9985, 2469-9993},
	url = {https://link.aps.org/doi/10.1103/PhysRevC.99.034603},
	doi = {10.1103/PhysRevC.99.034603},
	number = {3},
	urldate = {2023-08-28},
	journal = {Physical Review C},
	author = {Bertsch, G. F. and Kawano, T. and Robledo, L. M.},
	month = mar,
	year = {2019},
	keywords = {notion},
	pages = {034603}
}

@article{Bogoliubov1958,
  title={A New Method in the Theory of Superconductivity},
  author={Bogoliubov, Nikolay Nikolayevich},
  journal={SOVIET PHYSICS JETP-USSR},
  volume={7},
  number={1},
  pages={41--46},
  year={1958},
  doi={10.1002/prop.19580061102},
}

@article{Valatin1961May,
  title = {Generalized Hartree-Fock Method},
  author = {Valatin, J. G.},
  journal = {Phys. Rev.},
  volume = {122},
  issue = {4},
  pages = {1012--1020},
  numpages = {0},
  year = {1961},
  month = {May},
  publisher = {American Physical Society},
  doi = {10.1103/PhysRev.122.1012},
}

% ########   book   ########
@book{Peter2004,
  author         = {Peter, R. and Peter, S.},
  publisher      = {Springer-Verlag},
  title          = {The Nuclear Many-Body Problem(3rd Edition)},
  year           = {2004},
}

@book{varshalovich-amt,
  author         = {Varshalovich, D. A. and Moskalev, A. N. and Khersonskii},
  publisher      = {World Scientific Publishing Co. Pte. Ltd},
  title          = {QUANTUM THEORY OF ANGULAR MOMENTUM},
  year           = {1988},
  doi            = {https://doi.org/10.1142/0270}
}

@book{suhonen-NtoN,
  author         = {Suhonen, J.},
  publisher      = {Springer-Verlag Berlin Heidelberg},
  title          = {From Nucleons to Nuleus: Concepts of Microscopic Nuclear Theory},
  year           = {2007},
  url            = {https://link.springer.com/book/10.1007/978-3-540-48861-3}
}

@book{ningpz,
  author         = {宁平治},
  publisher      = {北京：高等教育出版社},
  title          = {原子核物理基础：核子与核},
  year           = {2003}
}

@book{zengjy,
  author         = {曾谨言},
  publisher      = {科学出版社},
  title          = {量子力学·卷II(第五版)},
  year           = {2014}
}
