
@article{bertsch_angular_2019,
	title = {Angular momentum of fission fragments},
	volume = {99},
	issn = {2469-9985, 2469-9993},
	url = {https://link.aps.org/doi/10.1103/PhysRevC.99.034603},
	doi = {10.1103/PhysRevC.99.034603},
	language = {en},
	number = {3},
	urldate = {2023-08-28},
	journal = {Physical Review C},
	author = {Bertsch, G. F. and Kawano, T. and Robledo, L. M.},
	month = mar,
	year = {2019},
	keywords = {notion},
	pages = {034603},
	file = {Bertsch et al-Phys. Rev. C-99.034603 (2019).pdf:C\:\\Users\\newstain\\OneDrive\\Literatures\\裂变文献\\碎片角动量理论\\Bertsch et al-Phys. Rev. C-99.034603 (2019).pdf:application/pdf},
}
